<?xml version="1.0" encoding="UTF-8"?><collection xmlns="http://www.loc.gov/MARC21/slim"><record><leader>00596nam--2200181-i-4500</leader><controlfield tag="001">000030506</controlfield><controlfield tag="002">20161230</controlfield><controlfield tag="005">20170206085720</controlfield><controlfield tag="008">060222s1000------------r-----000-0-eng-d</controlfield><datafield ind1=" " ind2=" " tag="040"><subfield code="a">IFIN-HH</subfield></datafield><datafield ind1=" " ind2=" " tag="080"><subfield code="a">538.246.1</subfield></datafield><datafield ind1="1" ind2=" " tag="100"><subfield code="a">Richards, C.E</subfield></datafield><datafield ind1="1" ind2="0" tag="245"><subfield code="a">Soft Magnetic Materials for Telecommunications</subfield><subfield code="b">A symposium held at the Post Office Engineering Research Station in April 1952</subfield><subfield code="c">C.E. Richards; A.C. Lynch (eds.)</subfield></datafield><datafield ind1=" " ind2=" " tag="260"><subfield code="a">London</subfield><subfield code="b">Pergamon Press Ltd</subfield><subfield code="c">1953</subfield></datafield><datafield ind1=" " ind2=" " tag="300"><subfield code="a">346p. with illustrations</subfield></datafield><datafield ind1="1" ind2=" " tag="700"><subfield code="a">Lynch, A.C</subfield><subfield code="e">ed</subfield></datafield><datafield ind1=" " ind2=" " tag="852"><subfield code="a">10018</subfield><subfield code="c">537:538</subfield></datafield><datafield ind1=" " ind2=" " tag="CAT"><subfield code="a">SYS</subfield><subfield code="c">20170206</subfield><subfield code="h">085720</subfield></datafield></record></collection>